@inproceedings{horsman2014does,
  title={When does a physical system compute?},
  author={Horsman, Clare and Stepney, Susan and Wagner, Rob C and Kendon, Viv},
  booktitle={Proc. R. Soc. A},
  volume={470},
  number={2169},
  pages={20140182},
  year={2014},
  organization={The Royal Society}
}
@article{shneiderman1977experimental,
  title={Experimental investigations of the utility of detailed flowcharts in programming},
  author={Shneiderman, Ben and Mayer, Richard and McKay, Don and Heller, Peter},
  journal={Communications of the ACM},
  volume={20},
  number={6},
  pages={373--381},
  year={1977},
  publisher={ACM}
}
@article{gilbert1988fast,
  title={A fast procedure for computing the distance between complex objects in three-dimensional space},
  author={Gilbert, Elmer G and Johnson, Daniel W and Keerthi, S Sathiya},
  journal={IEEE Journal on Robotics and Automation},
  volume={4},
  number={2},
  pages={193--203},
  year={1988},
  publisher={IEEE}
}
@article{schwartz1981finding,
  title={Finding the minimum distance between two convex polygons},
  author={Schwartz, Jacob T},
  journal={Information Processing Letters},
  volume={13},
  number={4-5},
  pages={168--170},
  year={1981},
  publisher={Elsevier}
}
@article{copeland1996computation,
  title={What is computation?},
  author={Copeland, B Jack},
  journal={Synthese},
  volume={108},
  number={3},
  pages={335--359},
  year={1996},
  publisher={Springer}
}
@article{nassi1973flowchart,
  title={Flowchart techniques for structured programming},
  author={Nassi, Isaac and Shneiderman, Ben},
  journal={ACM Sigplan Notices},
  volume={8},
  number={8},
  pages={12--26},
  year={1973},
  publisher={ACM}
}